@article{3DBoxEstimation,
  author     = {Arsalan Mousavian and
                Dragomir Anguelov and
                John Flynn and
                Jana Kosecka},
  title      = {3D Bounding Box Estimation Using Deep Learning and Geometry},
  journal    = {CoRR},
  volume     = {abs/1612.00496},
  year       = {2016},
  url        = {http://arxiv.org/abs/1612.00496},
  eprinttype = {arXiv},
  eprint     = {1612.00496},
  timestamp  = {Mon, 13 Aug 2018 16:47:45 +0200},
  biburl     = {https://dblp.org/rec/journals/corr/MousavianAFK16.bib},
  bibsource  = {dblp computer science bibliography, https://dblp.org}
}
@article{YOLOv9,
  author        = {{Wang}, Chien-Yao and {Yeh}, I-Hau and {Liao}, Hong-Yuan Mark},
  title         = {{YOLOv9: Learning What You Want to Learn Using Programmable Gradient Information}},
  journal       = {arXiv e-prints},
  keywords      = {Computer Science - Computer Vision and Pattern Recognition},
  year          = 2024,
  month         = feb,
  eid           = {arXiv:2402.13616},
  pages         = {arXiv:2402.13616},
  doi           = {10.48550/arXiv.2402.13616},
  archiveprefix = {arXiv},
  eprint        = {2402.13616},
  primaryclass  = {cs.CV},
  adsurl        = {https://ui.adsabs.harvard.edu/abs/2024arXiv240213616W},
  adsnote       = {Provided by the SAO/NASA Astrophysics Data System}
}

@misc{ZoeDepth,
  title         = {ZoeDepth: Zero-shot Transfer by Combining Relative and Metric Depth},
  author        = {Shariq Farooq Bhat and Reiner Birkl and Diana Wofk and Peter Wonka and Matthias MÃ¼ller},
  year          = {2023},
  eprint        = {2302.12288},
  archiveprefix = {arXiv},
  primaryclass  = {cs.CV}
}

@misc{BEV-LaneDet,
  title         = {BEV-LaneDet: a Simple and Effective 3D Lane Detection Baseline},
  author        = {Ruihao Wang and Jian Qin and Kaiying Li and Yaochen Li and Dong Cao and Jintao Xu},
  year          = {2023},
  eprint        = {2210.06006},
  archiveprefix = {arXiv},
  primaryclass  = {cs.CV}
}
@misc{PersFormer,
  title         = {PersFormer: 3D Lane Detection via Perspective Transformer and the OpenLane Benchmark},
  author        = {Li Chen and Chonghao Sima and Yang Li and Zehan Zheng and Jiajie Xu and Xiangwei Geng and Hongyang Li and Conghui He and Jianping Shi and Yu Qiao and Junchi Yan},
  year          = {2022},
  eprint        = {2203.11089},
  archiveprefix = {arXiv},
  primaryclass  = {cs.CV}
}
@misc{Anchor3DLane,
  title         = {Anchor3DLane: Learning to Regress 3D Anchors for Monocular 3D Lane Detection},
  author        = {Shaofei Huang and Zhenwei Shen and Zehao Huang and Zi-han Ding and Jiao Dai and Jizhong Han and Naiyan Wang and Si Liu},
  year          = {2023},
  eprint        = {2301.02371},
  archiveprefix = {arXiv},
  primaryclass  = {cs.CV}
}
@misc{YOLOPv2,
  title         = {YOLOPv2: Better, Faster, Stronger for Panoptic Driving Perception},
  author        = {Cheng Han and Qichao Zhao and Shuyi Zhang and Yinzi Chen and Zhenlin Zhang and Jinwei Yuan},
  year          = {2022},
  eprint        = {2208.11434},
  archiveprefix = {arXiv},
  primaryclass  = {cs.CV}
}

@misc{CLRNet,
  title         = {CLRNet: Cross Layer Refinement Network for Lane Detection},
  author        = {Tu Zheng and Yifei Huang and Yang Liu and Wenjian Tang and Zheng Yang and Deng Cai and Xiaofei He},
  year          = {2022},
  eprint        = {2203.10350},
  archiveprefix = {arXiv},
  primaryclass  = {cs.CV}
}

@misc{EgoNet,
  title         = {Exploring intermediate representation for monocular vehicle pose estimation},
  author        = {Shichao Li and Zengqiang Yan and Hongyang Li and Kwang-Ting Cheng},
  year          = {2021},
  eprint        = {2011.08464},
  archiveprefix = {arXiv},
  primaryclass  = {cs.CV}
}

@misc{YOLOv8Pose,
  title   = {Pose},
  url     = {https://docs.ultralytics.com/tasks/pose/},
  journal = {Pose - Ultralytics YOLOv8 Docs},
  author  = {Ultralytics},
  year    = {2024},
  month   = {3}
} 

@misc{RVLD,
  title         = {Recursive Video Lane Detection},
  author        = {Dongkwon Jin and Dahyun Kim and Chang-Su Kim},
  year          = {2023},
  eprint        = {2308.11106},
  archiveprefix = {arXiv},
  primaryclass  = {cs.CV}
}

@misc{cinta_v2_dataset,
  title        = { cinTA_v2 Dataset },
  type         = { Open Source Dataset },
  author       = { Wawan Pradana },
  howpublished = { \url{ https://universe.roboflow.com/wawan-pradana/cinta_v2 } },
  url          = { https://universe.roboflow.com/wawan-pradana/cinta_v2 },
  journal      = { Roboflow Universe },
  publisher    = { Roboflow },
  year         = { 2022 },
  month        = { jun },
  note         = { visited on 2024-04-05 }
}